{
  "trades": [
    {
      "type": "BUY",
      "date": 1704672000000,
      "readableDate": "1/8/2024, 12:00:00 AM",
      "price": 0.02649,
      "quantity": 3395.469988674972,
      "stopLoss": 0.0259602,
      "amountSpent": 90
    },
    {
      "type": "SELL",
      "date": 1704758400000,
      "readableDate": "1/9/2024, 12:00:00 AM",
      "price": 0.02467,
      "quantity": 3395.469988674972,
      "note": "Stop-loss triggered",
      "amountReceived": 83.71598487383919
    },
    {
      "type": "BUY",
      "date": 1704844800000,
      "readableDate": "1/10/2024, 12:00:00 AM",
      "price": 0.02736,
      "quantity": 3080.9130027274637,
      "stopLoss": 0.026812799999999998,
      "amountSpent": 84.34438638645527
    },
    {
      "type": "SELL",
      "date": 1705017600000,
      "readableDate": "1/12/2024, 12:00:00 AM",
      "price": 0.02598,
      "quantity": 3080.9130027274637,
      "note": "Stop-loss triggered",
      "amountReceived": 79.99409453897299
    },
    {
      "type": "BUY",
      "date": 1705104000000,
      "readableDate": "1/13/2024, 12:00:00 AM",
      "price": 0.02679,
      "quantity": 3000.4056084168337,
      "stopLoss": 0.026254200000000002,
      "amountSpent": 80.42912372372122
    },
    {
      "type": "SELL",
      "date": 1705190400000,
      "readableDate": "1/14/2024, 12:00:00 AM",
      "price": 0.02524,
      "quantity": 3000.4056084168337,
      "note": "Stop-loss triggered",
      "amountReceived": 75.68479941390702
    },
    {
      "type": "BUY",
      "date": 1705276800000,
      "readableDate": "1/15/2024, 12:00:00 AM",
      "price": 0.02525,
      "quantity": 3014.397477456693,
      "stopLoss": 0.024745,
      "amountSpent": 76.15923184488844
    },
    {
      "type": "SELL",
      "date": 1705449600000,
      "readableDate": "1/17/2024, 12:00:00 AM",
      "price": 0.02554,
      "quantity": 3014.397477456693,
      "amountReceived": 76.9415189472994
    },
    {
      "type": "BUY",
      "date": 1705622400000,
      "readableDate": "1/19/2024, 12:00:00 AM",
      "price": 0.02376,
      "quantity": 3233.045970661451,
      "stopLoss": 0.023284799999999998,
      "amountSpent": 76.86329023705831
    },
    {
      "type": "SELL",
      "date": 1705708800000,
      "readableDate": "1/20/2024, 12:00:00 AM",
      "price": 0.02376,
      "quantity": 3233.045970661451,
      "amountReceived": 76.77108195955833
    },
    {
      "type": "BUY",
      "date": 1705795200000,
      "readableDate": "1/21/2024, 12:00:00 AM",
      "price": 0.02409,
      "quantity": 3185.3148445677016,
      "stopLoss": 0.0236082,
      "amountSpent": 76.78030278730832
    },
    {
      "type": "SELL",
      "date": 1705881600000,
      "readableDate": "1/22/2024, 12:00:00 AM",
      "price": 0.02232,
      "quantity": 3185.3148445677016,
      "note": "Stop-loss triggered",
      "amountReceived": 71.05356959435264
    },
    {
      "type": "BUY",
      "date": 1705968000000,
      "readableDate": "1/23/2024, 12:00:00 AM",
      "price": 0.02186,
      "quantity": 3274.623383709973,
      "stopLoss": 0.021422800000000002,
      "amountSpent": 71.62624291364821
    },
    {
      "type": "SELL",
      "date": 1706140800000,
      "readableDate": "1/25/2024, 12:00:00 AM",
      "price": 0.02209,
      "quantity": 3274.623383709973,
      "amountReceived": 72.2930286878256
    },
    {
      "type": "BUY",
      "date": 1706227200000,
      "readableDate": "1/26/2024, 12:00:00 AM",
      "price": 0.02302,
      "quantity": 3135.6652606577595,
      "stopLoss": 0.0225596,
      "amountSpent": 72.22635011040786
    },
    {
      "type": "SELL",
      "date": 1706400000000,
      "readableDate": "1/28/2024, 12:00:00 AM",
      "price": 0.02276,
      "quantity": 3135.6652606577595,
      "note": "Stop-loss triggered",
      "amountReceived": 71.32492068777105
    },
    {
      "type": "BUY",
      "date": 1706486400000,
      "readableDate": "1/29/2024, 12:00:00 AM",
      "price": 0.02345,
      "quantity": 3043.5912405909044,
      "stopLoss": 0.022980999999999998,
      "amountSpent": 71.41506363003472
    },
    {
      "type": "SELL",
      "date": 1706572800000,
      "readableDate": "1/30/2024, 12:00:00 AM",
      "price": 0.02269,
      "quantity": 3043.5912405909044,
      "note": "Stop-loss triggered",
      "amountReceived": 69.0176497978582
    },
    {
      "type": "BUY",
      "date": 1706832000000,
      "readableDate": "2/2/2024, 12:00:00 AM",
      "price": 0.02189,
      "quantity": 3161.9843191579357,
      "stopLoss": 0.021452199999999998,
      "amountSpent": 69.25739118107586
    },
    {
      "type": "SELL",
      "date": 1706918400000,
      "readableDate": "2/3/2024, 12:00:00 AM",
      "price": 0.02167,
      "quantity": 3161.9843191579357,
      "amountReceived": 68.47908807603477
    },
    {
      "type": "BUY",
      "date": 1707091200000,
      "readableDate": "2/5/2024, 12:00:00 AM",
      "price": 0.02185,
      "quantity": 3135.7338322886476,
      "stopLoss": 0.021413,
      "amountSpent": 68.55691838653888
    },
    {
      "type": "SELL",
      "date": 1707177600000,
      "readableDate": "2/6/2024, 12:00:00 AM",
      "price": 0.02175,
      "quantity": 3135.7338322886476,
      "amountReceived": 68.16128952576672
    },
    {
      "type": "BUY",
      "date": 1707264000000,
      "readableDate": "2/7/2024, 12:00:00 AM",
      "price": 0.0229,
      "quantity": 2976.4162401920007,
      "stopLoss": 0.022442,
      "amountSpent": 68.20085241184393
    },
    {
      "type": "SELL",
      "date": 1707350400000,
      "readableDate": "2/8/2024, 12:00:00 AM",
      "price": 0.02256,
      "quantity": 2976.4162401920007,
      "amountReceived": 67.1076616085043
    },
    {
      "type": "BUY",
      "date": 1707436800000,
      "readableDate": "2/9/2024, 12:00:00 AM",
      "price": 0.02411,
      "quantity": 2786.2567606978414,
      "stopLoss": 0.023627799999999997,
      "amountSpent": 67.21698068883826
    },
    {
      "type": "SELL",
      "date": 1707523200000,
      "readableDate": "2/10/2024, 12:00:00 AM",
      "price": 0.02393,
      "quantity": 2786.2567606978414,
      "amountReceived": 66.63511920892924
    },
    {
      "type": "BUY",
      "date": 1707696000000,
      "readableDate": "2/12/2024, 12:00:00 AM",
      "price": 0.02456,
      "quantity": 2713.8961471378666,
      "stopLoss": 0.024068799999999998,
      "amountSpent": 66.69330535692015
    },
    {
      "type": "SELL",
      "date": 1708041600000,
      "readableDate": "2/16/2024, 12:00:00 AM",
      "price": 0.02653,
      "quantity": 2713.8961471378666,
      "note": "Stop-loss triggered",
      "amountReceived": 71.95646498469748
    },
    {
      "type": "BUY",
      "date": 1708128000000,
      "readableDate": "2/17/2024, 12:00:00 AM",
      "price": 0.02648,
      "quantity": 2695.8946726777413,
      "stopLoss": 0.0259504,
      "amountSpent": 71.43014902191975
    },
    {
      "type": "SELL",
      "date": 1708473600000,
      "readableDate": "2/21/2024, 12:00:00 AM",
      "price": 0.02735,
      "quantity": 2695.8946726777413,
      "note": "Stop-loss triggered",
      "amountReceived": 73.68847966615758
    },
    {
      "type": "BUY",
      "date": 1708560000000,
      "readableDate": "2/22/2024, 12:00:00 AM",
      "price": 0.02863,
      "quantity": 2564.392910016513,
      "stopLoss": 0.0280574,
      "amountSpent": 73.4626466017338
    },
    {
      "type": "SELL",
      "date": 1709078400000,
      "readableDate": "2/28/2024, 12:00:00 AM",
      "price": 0.03772,
      "quantity": 2564.392910016513,
      "note": "Stop-loss triggered",
      "amountReceived": 96.67086322548336
    },
    {
      "type": "BUY",
      "date": 1709164800000,
      "readableDate": "2/29/2024, 12:00:00 AM",
      "price": 0.03982,
      "quantity": 2367.9917513352716,
      "stopLoss": 0.0390236,
      "amountSpent": 94.35004156310839
    },
    {
      "type": "SELL",
      "date": 1709424000000,
      "readableDate": "3/3/2024, 12:00:00 AM",
      "price": 0.04497,
      "quantity": 2367.9917513352716,
      "note": "Stop-loss triggered",
      "amountReceived": 106.42469590411264
    },
    {
      "type": "BUY",
      "date": 1709510400000,
      "readableDate": "3/4/2024, 12:00:00 AM",
      "price": 0.04554,
      "quantity": 2309.0491904200753,
      "stopLoss": 0.044629199999999994,
      "amountSpent": 105.21723047001223
    },
    {
      "type": "SELL",
      "date": 1709596800000,
      "readableDate": "3/5/2024, 12:00:00 AM",
      "price": 0.03981,
      "quantity": 2309.0491904200753,
      "note": "Stop-loss triggered",
      "amountReceived": 91.86809432166082
    },
    {
      "type": "BUY",
      "date": 1709683200000,
      "readableDate": "3/6/2024, 12:00:00 AM",
      "price": 0.04266,
      "quantity": 2183.4759993374137,
      "stopLoss": 0.0418068,
      "amountSpent": 93.20300793649595
    },
    {
      "type": "SELL",
      "date": 1710115200000,
      "readableDate": "3/11/2024, 12:00:00 AM",
      "price": 0.07394,
      "quantity": 2183.4759993374137,
      "note": "Stop-loss triggered",
      "amountReceived": 161.34934766177375
    },
    {
      "type": "BUY",
      "date": 1710201600000,
      "readableDate": "3/12/2024, 12:00:00 AM",
      "price": 0.07018,
      "quantity": 2200.655355671593,
      "stopLoss": 0.0687764,
      "amountSpent": 154.53471368924596
    },
    {
      "type": "SELL",
      "date": 1710374400000,
      "readableDate": "3/14/2024, 12:00:00 AM",
      "price": 0.0705,
      "quantity": 2200.655355671593,
      "note": "Stop-loss triggered",
      "amountReceived": 155.0531148533024
    },
    {
      "type": "BUY",
      "date": 1710460800000,
      "readableDate": "3/15/2024, 12:00:00 AM",
      "price": 0.06511,
      "quantity": 2379.177913869676,
      "stopLoss": 0.0638078,
      "amountSpent": 155.00127473689676
    },
    {
      "type": "SELL",
      "date": 1710547200000,
      "readableDate": "3/16/2024, 12:00:00 AM",
      "price": 0.05985,
      "quantity": 2379.177913869676,
      "note": "Stop-loss triggered",
      "amountReceived": 142.30836186621303
    },
    {
      "type": "BUY",
      "date": 1710633600000,
      "readableDate": "3/17/2024, 12:00:00 AM",
      "price": 0.06301,
      "quantity": 2277.281488039826,
      "stopLoss": 0.061749799999999994,
      "amountSpent": 143.5776531532814
    },
    {
      "type": "SELL",
      "date": 1710720000000,
      "readableDate": "3/18/2024, 12:00:00 AM",
      "price": 0.05873,
      "quantity": 2277.281488039826,
      "note": "Stop-loss triggered",
      "amountReceived": 133.6644949475034
    },
    {
      "type": "BUY",
      "date": 1710892800000,
      "readableDate": "3/20/2024, 12:00:00 AM",
      "price": 0.05874,
      "quantity": 2291.0285543347013,
      "stopLoss": 0.0575652,
      "amountSpent": 134.6558107680812
    },
    {
      "type": "SELL",
      "date": 1710979200000,
      "readableDate": "3/21/2024, 12:00:00 AM",
      "price": 0.05688,
      "quantity": 2291.0285543347013,
      "note": "Stop-loss triggered",
      "amountReceived": 130.23551594805545
    },
    {
      "type": "BUY",
      "date": 1711065600000,
      "readableDate": "3/22/2024, 12:00:00 AM",
      "price": 0.05632,
      "quantity": 2318.876756086647,
      "stopLoss": 0.0551936,
      "amountSpent": 130.67754543005802
    },
    {
      "type": "SELL",
      "date": 1711497600000,
      "readableDate": "3/27/2024, 12:00:00 AM",
      "price": 0.0654,
      "quantity": 2318.876756086647,
      "note": "Stop-loss triggered",
      "amountReceived": 151.56354712415788
    },
    {
      "type": "BUY",
      "date": 1711584000000,
      "readableDate": "3/28/2024, 12:00:00 AM",
      "price": 0.06803,
      "quantity": 2195.873320396517,
      "stopLoss": 0.06666939999999999,
      "amountSpent": 149.4749469547479
    },
    {
      "type": "SELL",
      "date": 1711670400000,
      "readableDate": "3/29/2024, 12:00:00 AM",
      "price": 0.0655,
      "quantity": 2195.873320396517,
      "note": "Stop-loss triggered",
      "amountReceived": 143.7434046644803
    },
    {
      "type": "BUY",
      "date": 1711756800000,
      "readableDate": "3/30/2024, 12:00:00 AM",
      "price": 0.06749,
      "quantity": 2137.05688188133,
      "stopLoss": 0.0661402,
      "amountSpent": 144.31655889350705
    },
    {
      "type": "SELL",
      "date": 1711929600000,
      "readableDate": "4/1/2024, 12:00:00 AM",
      "price": 0.06371,
      "quantity": 2137.05688188133,
      "note": "Stop-loss triggered",
      "amountReceived": 136.07020280829272
    },
    {
      "type": "BUY",
      "date": 1712102400000,
      "readableDate": "4/3/2024, 12:00:00 AM",
      "price": 0.05561,
      "quantity": 2460.217613986047,
      "stopLoss": 0.0544978,
      "amountSpent": 136.89483841681417
    },
    {
      "type": "SELL",
      "date": 1712275200000,
      "readableDate": "4/5/2024, 12:00:00 AM",
      "price": 0.05593,
      "quantity": 2460.217613986047,
      "note": "Stop-loss triggered",
      "amountReceived": 137.51741116754945
    },
    {
      "type": "BUY",
      "date": 1712361600000,
      "readableDate": "4/6/2024, 12:00:00 AM",
      "price": 0.05716,
      "quantity": 2403.30092372534,
      "stopLoss": 0.0560168,
      "amountSpent": 137.45515389247592
    },
    {
      "type": "SELL",
      "date": 1712620800000,
      "readableDate": "4/9/2024, 12:00:00 AM",
      "price": 0.06084,
      "quantity": 2403.30092372534,
      "note": "Stop-loss triggered",
      "amountReceived": 146.12909810253
    },
    {
      "type": "BUY",
      "date": 1712707200000,
      "readableDate": "4/10/2024, 12:00:00 AM",
      "price": 0.06013,
      "quantity": 2414.3446974773938,
      "stopLoss": 0.058927400000000005,
      "amountSpent": 145.2617036815246
    },
    {
      "type": "SELL",
      "date": 1712793600000,
      "readableDate": "4/11/2024, 12:00:00 AM",
      "price": 0.05878,
      "quantity": 2414.3446974773938,
      "note": "Stop-loss triggered",
      "amountReceived": 141.83003220893056
    },
    {
      "type": "BUY",
      "date": 1712966400000,
      "readableDate": "4/13/2024, 12:00:00 AM",
      "price": 0.04056,
      "quantity": 3503.153240546751,
      "stopLoss": 0.0397488,
      "amountSpent": 142.17319935618994
    },
    {
      "type": "SELL",
      "date": 1713139200000,
      "readableDate": "4/15/2024, 12:00:00 AM",
      "price": 0.04108,
      "quantity": 3503.153240546751,
      "note": "Stop-loss triggered",
      "amountReceived": 143.82318940058752
    },
    {
      "type": "BUY",
      "date": 1713225600000,
      "readableDate": "4/16/2024, 12:00:00 AM",
      "price": 0.04164,
      "quantity": 3447.9345696904434,
      "stopLoss": 0.0408072,
      "amountSpent": 143.65819039614777
    },
    {
      "type": "SELL",
      "date": 1713312000000,
      "readableDate": "4/17/2024, 12:00:00 AM",
      "price": 0.04029,
      "quantity": 3447.9345696904434,
      "note": "Stop-loss triggered",
      "amountReceived": 138.83393344254029
    },
    {
      "type": "BUY",
      "date": 1713398400000,
      "readableDate": "4/18/2024, 12:00:00 AM",
      "price": 0.04451,
      "quantity": 3128.1233278458385,
      "stopLoss": 0.0436198,
      "amountSpent": 139.31635913790103
    },
    {
      "type": "SELL",
      "date": 1713657600000,
      "readableDate": "4/21/2024, 12:00:00 AM",
      "price": 0.04891,
      "quantity": 3128.1233278458385,
      "amountReceived": 152.904714057761
    },
    {
      "type": "BUY",
      "date": 1713744000000,
      "readableDate": "4/22/2024, 12:00:00 AM",
      "price": 0.0499,
      "quantity": 3035.1693594916946,
      "stopLoss": 0.048902,
      "amountSpent": 151.545878565775
    },
    {
      "type": "SELL",
      "date": 1713916800000,
      "readableDate": "4/24/2024, 12:00:00 AM",
      "price": 0.04726,
      "quantity": 3035.1693594916946,
      "note": "Stop-loss triggered",
      "amountReceived": 143.35603866721976
    },
    {
      "type": "BUY",
      "date": 1714003200000,
      "readableDate": "4/25/2024, 12:00:00 AM",
      "price": 0.0476,
      "quantity": 3027.069698392459,
      "stopLoss": 0.046648,
      "amountSpent": 144.1750226570753
    },
    {
      "type": "SELL",
      "date": 1714089600000,
      "readableDate": "4/26/2024, 12:00:00 AM",
      "price": 0.046,
      "quantity": 3027.069698392459,
      "note": "Stop-loss triggered",
      "amountReceived": 139.1616590023775
    },
    {
      "type": "BUY",
      "date": 1714176000000,
      "readableDate": "4/27/2024, 12:00:00 AM",
      "price": 0.04544,
      "quantity": 3071.7252986493518,
      "stopLoss": 0.0445312,
      "amountSpent": 139.66299536784726
    },
    {
      "type": "SELL",
      "date": 1714435200000,
      "readableDate": "4/30/2024, 12:00:00 AM",
      "price": 0.04118,
      "quantity": 3071.7252986493518,
      "note": "Stop-loss triggered",
      "amountReceived": 126.41775160970128
    },
    {
      "type": "BUY",
      "date": 1714521600000,
      "readableDate": "5/1/2024, 12:00:00 AM",
      "price": 0.04206,
      "quantity": 3035.3216980486113,
      "stopLoss": 0.0412188,
      "amountSpent": 127.7422759855159
    },
    {
      "type": "SELL",
      "date": 1715040000000,
      "readableDate": "5/7/2024, 12:00:00 AM",
      "price": 0.04389,
      "quantity": 3035.3216980486113,
      "note": "Stop-loss triggered",
      "amountReceived": 133.14033716575713
    },
    {
      "type": "BUY",
      "date": 1715212800000,
      "readableDate": "5/9/2024, 12:00:00 AM",
      "price": 0.0445,
      "quantity": 2977.9993422270645,
      "stopLoss": 0.043609999999999996,
      "amountSpent": 132.600531047733
    },
    {
      "type": "SELL",
      "date": 1715299200000,
      "readableDate": "5/10/2024, 12:00:00 AM",
      "price": 0.04213,
      "quantity": 2977.9993422270645,
      "note": "Stop-loss triggered",
      "amountReceived": 125.3878344206534
    },
    {
      "type": "BUY",
      "date": 1715385600000,
      "readableDate": "5/11/2024, 12:00:00 AM",
      "price": 0.04236,
      "quantity": 2975.293640720287,
      "stopLoss": 0.0415128,
      "amountSpent": 126.10910408336137
    },
    {
      "type": "SELL",
      "date": 1715472000000,
      "readableDate": "5/12/2024, 12:00:00 AM",
      "price": 0.04152,
      "quantity": 2975.293640720287,
      "amountReceived": 123.46007144752869
    },
    {
      "type": "BUY",
      "date": 1715558400000,
      "readableDate": "5/13/2024, 12:00:00 AM",
      "price": 0.04099,
      "quantity": 3016.607458557826,
      "stopLoss": 0.040170199999999996,
      "amountSpent": 123.72497471111194
    },
    {
      "type": "SELL",
      "date": 1715644800000,
      "readableDate": "5/14/2024, 12:00:00 AM",
      "price": 0.03957,
      "quantity": 3016.607458557826,
      "note": "Stop-loss triggered",
      "amountReceived": 119.2955368408521
    },
    {
      "type": "BUY",
      "date": 1715731200000,
      "readableDate": "5/15/2024, 12:00:00 AM",
      "price": 0.04334,
      "quantity": 2761.1130027572995,
      "stopLoss": 0.042473199999999996,
      "amountSpent": 119.73848062787808
    },
    {
      "type": "SELL",
      "date": 1716076800000,
      "readableDate": "5/19/2024, 12:00:00 AM",
      "price": 0.04306,
      "quantity": 2761.1130027572995,
      "note": "Stop-loss triggered",
      "amountReceived": 118.82218978319008
    },
    {
      "type": "BUY",
      "date": 1716163200000,
      "readableDate": "5/20/2024, 12:00:00 AM",
      "price": 0.04325,
      "quantity": 2747.8027878922157,
      "stopLoss": 0.042385,
      "amountSpent": 118.9138188676589
    },
    {
      "type": "SELL",
      "date": 1716422400000,
      "readableDate": "5/23/2024, 12:00:00 AM",
      "price": 0.04375,
      "quantity": 2747.8027878922157,
      "note": "Stop-loss triggered",
      "amountReceived": 120.14424214710226
    },
    {
      "type": "BUY",
      "date": 1716508800000,
      "readableDate": "5/24/2024, 12:00:00 AM",
      "price": 0.04394,
      "quantity": 2729.8403982536743,
      "stopLoss": 0.0430612,
      "amountSpent": 120.02119981915793
    },
    {
      "type": "SELL",
      "date": 1716681600000,
      "readableDate": "5/26/2024, 12:00:00 AM",
      "price": 0.04392,
      "quantity": 2729.8403982536743,
      "amountReceived": 119.82265353712658
    },
    {
      "type": "BUY",
      "date": 1716768000000,
      "readableDate": "5/27/2024, 12:00:00 AM",
      "price": 0.04575,
      "quantity": 2617.9366701733447,
      "stopLoss": 0.044835,
      "amountSpent": 119.84250816532972
    },
    {
      "type": "SELL",
      "date": 1716940800000,
      "readableDate": "5/29/2024, 12:00:00 AM",
      "price": 0.04369,
      "quantity": 2617.9366701733447,
      "note": "Stop-loss triggered",
      "amountReceived": 114.30902652800151
    },
    {
      "type": "BUY",
      "date": 1717113600000,
      "readableDate": "5/31/2024, 12:00:00 AM",
      "price": 0.04354,
      "quantity": 2636.505679074857,
      "stopLoss": 0.042669200000000004,
      "amountSpent": 114.86237469173433
    },
    {
      "type": "SELL",
      "date": 1717200000000,
      "readableDate": "6/1/2024, 12:00:00 AM",
      "price": 0.04303,
      "quantity": 2636.505679074857,
      "amountReceived": 113.38077006696875
    },
    {
      "type": "BUY",
      "date": 1717286400000,
      "readableDate": "6/2/2024, 12:00:00 AM",
      "price": 0.04368,
      "quantity": 2597.5460890825925,
      "stopLoss": 0.042806399999999994,
      "amountSpent": 113.5289305294453
    },
    {
      "type": "SELL",
      "date": 1717632000000,
      "readableDate": "6/6/2024, 12:00:00 AM",
      "price": 0.04543,
      "quantity": 2597.5460890825925,
      "note": "Stop-loss triggered",
      "amountReceived": 117.93571491572597
    },
    {
      "type": "BUY",
      "date": 1717891200000,
      "readableDate": "6/9/2024, 12:00:00 AM",
      "price": 0.03895,
      "quantity": 3014.7506920465125,
      "stopLoss": 0.038171,
      "amountSpent": 117.49503647709791
    },
    {
      "type": "SELL",
      "date": 1717977600000,
      "readableDate": "6/10/2024, 12:00:00 AM",
      "price": 0.03695,
      "quantity": 3014.7506920465125,
      "note": "Stop-loss triggered",
      "amountReceived": 111.32820104827596
    },
    {
      "type": "BUY",
      "date": 1718150400000,
      "readableDate": "6/12/2024, 12:00:00 AM",
      "price": 0.03588,
      "quantity": 3118.108073032426,
      "stopLoss": 0.0351624,
      "amountSpent": 111.94488459115816
    },
    {
      "type": "SELL",
      "date": 1718236800000,
      "readableDate": "6/13/2024, 12:00:00 AM",
      "price": 0.03392,
      "quantity": 3118.108073032426,
      "note": "Stop-loss triggered",
      "amountReceived": 105.70276610175753
    },
    {
      "type": "BUY",
      "date": 1718323200000,
      "readableDate": "6/14/2024, 12:00:00 AM",
      "price": 0.033,
      "quantity": 3220.0964170887023,
      "stopLoss": 0.03234,
      "amountSpent": 106.3269779506976
    },
    {
      "type": "SELL",
      "date": 1718409600000,
      "readableDate": "6/15/2024, 12:00:00 AM",
      "price": 0.03289,
      "quantity": 3220.0964170887023,
      "amountReceived": 105.8454257753526
    },
    {
      "type": "BUY",
      "date": 1718496000000,
      "readableDate": "6/16/2024, 12:00:00 AM",
      "price": 0.03308,
      "quantity": 3199.2153822337173,
      "stopLoss": 0.0324184,
      "amountSpent": 105.8935809928871
    },
    {
      "type": "SELL",
      "date": 1718582400000,
      "readableDate": "6/17/2024, 12:00:00 AM",
      "price": 0.02937,
      "quantity": 3199.2153822337173,
      "note": "Stop-loss triggered",
      "amountReceived": 93.90457920273855
    },
    {
      "type": "BUY",
      "date": 1718755200000,
      "readableDate": "6/19/2024, 12:00:00 AM",
      "price": 0.02802,
      "quantity": 3392.091980518356,
      "stopLoss": 0.0274596,
      "amountSpent": 95.10347938175339
    },
    {
      "type": "SELL",
      "date": 1719100800000,
      "readableDate": "6/23/2024, 12:00:00 AM",
      "price": 0.02717,
      "quantity": 3392.091980518356,
      "note": "Stop-loss triggered",
      "amountReceived": 92.10784122721732
    },
    {
      "type": "BUY",
      "date": 1719187200000,
      "readableDate": "6/24/2024, 12:00:00 AM",
      "price": 0.02798,
      "quantity": 3300.6419084933996,
      "stopLoss": 0.0274204,
      "amountSpent": 92.40740504267093
    },
    {
      "type": "SELL",
      "date": 1719360000000,
      "readableDate": "6/26/2024, 12:00:00 AM",
      "price": 0.02771,
      "quantity": 3300.6419084933996,
      "note": "Stop-loss triggered",
      "amountReceived": 91.40591081198149
    },
    {
      "type": "BUY",
      "date": 1719446400000,
      "readableDate": "6/27/2024, 12:00:00 AM",
      "price": 0.02808,
      "quantity": 3256.807571186232,
      "stopLoss": 0.027518400000000002,
      "amountSpent": 91.50606023505043
    },
    {
      "type": "SELL",
      "date": 1719532800000,
      "readableDate": "6/28/2024, 12:00:00 AM",
      "price": 0.02672,
      "quantity": 3256.807571186232,
      "note": "Stop-loss triggered",
      "amountReceived": 86.96968516311486
    },
    {
      "type": "BUY",
      "date": 1719705600000,
      "readableDate": "6/30/2024, 12:00:00 AM",
      "price": 0.02768,
      "quantity": 3156.4620186671327,
      "stopLoss": 0.0271264,
      "amountSpent": 87.42332267030842
    },
    {
      "type": "SELL",
      "date": 1719792000000,
      "readableDate": "7/1/2024, 12:00:00 AM",
      "price": 0.02689,
      "quantity": 3156.4620186671327,
      "note": "Stop-loss triggered",
      "amountReceived": 84.82633732375002
    },
    {
      "type": "BUY",
      "date": 1719878400000,
      "readableDate": "7/2/2024, 12:00:00 AM",
      "price": 0.02745,
      "quantity": 3097.813633402216,
      "stopLoss": 0.026900999999999998,
      "amountSpent": 85.08603585840586
    },
    {
      "type": "SELL",
      "date": 1719964800000,
      "readableDate": "7/3/2024, 12:00:00 AM",
      "price": 0.02547,
      "quantity": 3097.813633402216,
      "note": "Stop-loss triggered",
      "amountReceived": 78.85397245480878
    },
    {
      "type": "BUY",
      "date": 1720137600000,
      "readableDate": "7/5/2024, 12:00:00 AM",
      "price": 0.02107,
      "quantity": 3769.7908157518464,
      "stopLoss": 0.0206486,
      "amountSpent": 79.4771787951685
    },
    {
      "type": "SELL",
      "date": 1720310400000,
      "readableDate": "7/7/2024, 12:00:00 AM",
      "price": 0.02098,
      "quantity": 3769.7908157518464,
      "note": "Stop-loss triggered",
      "amountReceived": 79.04275718768505
    },
    {
      "type": "BUY",
      "date": 1720396800000,
      "readableDate": "7/8/2024, 12:00:00 AM",
      "price": 0.02148,
      "quantity": 3679.643744358675,
      "stopLoss": 0.0210504,
      "amountSpent": 79.0861993484334
    },
    {
      "type": "SELL",
      "date": 1720656000000,
      "readableDate": "7/11/2024, 12:00:00 AM",
      "price": 0.02089,
      "quantity": 3679.643744358675,
      "note": "Stop-loss triggered",
      "amountReceived": 76.82163716496093
    },
    {
      "type": "BUY",
      "date": 1720742400000,
      "readableDate": "7/12/2024, 12:00:00 AM",
      "price": 0.02145,
      "quantity": 3589.830514092223,
      "stopLoss": 0.021021,
      "amountSpent": 77.04809338330817
    },
    {
      "type": "SELL",
      "date": 1721260800000,
      "readableDate": "7/18/2024, 12:00:00 AM",
      "price": 0.0239,
      "quantity": 3589.830514092223,
      "note": "Stop-loss triggered",
      "amountReceived": 85.74547111723206
    },
    {
      "type": "BUY",
      "date": 1721347200000,
      "readableDate": "7/19/2024, 12:00:00 AM",
      "price": 0.02539,
      "quantity": 3340.8746712813454,
      "stopLoss": 0.0248822,
      "amountSpent": 84.87573334383967
    },
    {
      "type": "SELL",
      "date": 1721606400000,
      "readableDate": "7/22/2024, 12:00:00 AM",
      "price": 0.02451,
      "quantity": 3340.8746712813454,
      "note": "Stop-loss triggered",
      "amountReceived": 81.83570729018992
    },
    {
      "type": "BUY",
      "date": 1721952000000,
      "readableDate": "7/26/2024, 12:00:00 AM",
      "price": 0.02368,
      "quantity": 3466.6565063183093,
      "stopLoss": 0.0232064,
      "amountSpent": 82.1397098955549
    },
    {
      "type": "SELL",
      "date": 1722124800000,
      "readableDate": "7/28/2024, 12:00:00 AM",
      "price": 0.02298,
      "quantity": 3466.6565063183093,
      "note": "Stop-loss triggered",
      "amountReceived": 79.61596825528564
    },
    {
      "type": "BUY",
      "date": 1722211200000,
      "readableDate": "7/29/2024, 12:00:00 AM",
      "price": 0.02319,
      "quantity": 3442.019034664121,
      "stopLoss": 0.0227262,
      "amountSpent": 79.86834241931255
    },
    {
      "type": "SELL",
      "date": 1722297600000,
      "readableDate": "7/30/2024, 12:00:00 AM",
      "price": 0.02263,
      "quantity": 3442.019034664121,
      "note": "Stop-loss triggered",
      "amountReceived": 77.8461550199964
    },
    {
      "type": "BUY",
      "date": 1722470400000,
      "readableDate": "8/1/2024, 12:00:00 AM",
      "price": 0.02189,
      "quantity": 3563.34146805263,
      "stopLoss": 0.021452199999999998,
      "amountSpent": 78.04837375992803
    },
    {
      "type": "SELL",
      "date": 1722556800000,
      "readableDate": "8/2/2024, 12:00:00 AM",
      "price": 0.01985,
      "quantity": 3563.34146805263,
      "note": "Stop-loss triggered",
      "amountReceived": 70.6898887439602
    },
    {
      "type": "BUY",
      "date": 1722816000000,
      "readableDate": "8/5/2024, 12:00:00 AM",
      "price": 0.01568,
      "quantity": 4552.47970683735,
      "stopLoss": 0.015366399999999999,
      "amountSpent": 71.42573724555697
    },
    {
      "type": "SELL",
      "date": 1722988800000,
      "readableDate": "8/7/2024, 12:00:00 AM",
      "price": 0.01611,
      "quantity": 4552.47970683735,
      "note": "Stop-loss triggered",
      "amountReceived": 73.29644380830341
    },
    {
      "type": "BUY",
      "date": 1723075200000,
      "readableDate": "8/8/2024, 12:00:00 AM",
      "price": 0.01749,
      "quantity": 4177.559035342341,
      "stopLoss": 0.017140199999999998,
      "amountSpent": 73.10937315202877
    },
    {
      "type": "SELL",
      "date": 1723161600000,
      "readableDate": "8/9/2024, 12:00:00 AM",
      "price": 0.01685,
      "quantity": 4177.559035342341,
      "note": "Stop-loss triggered",
      "amountReceived": 70.34963462367114
    },
    {
      "type": "BUY",
      "date": 1723420800000,
      "readableDate": "8/12/2024, 12:00:00 AM",
      "price": 0.01673,
      "quantity": 4218.961931346144,
      "stopLoss": 0.016395399999999997,
      "amountSpent": 70.6256084765069
    },
    {
      "type": "SELL",
      "date": 1723680000000,
      "readableDate": "8/15/2024, 12:00:00 AM",
      "price": 0.01618,
      "quantity": 4218.961931346144,
      "note": "Stop-loss triggered",
      "amountReceived": 68.22184636675111
    },
    {
      "type": "BUY",
      "date": 1723852800000,
      "readableDate": "8/17/2024, 12:00:00 AM",
      "price": 0.01704,
      "quantity": 4015.3254251279377,
      "stopLoss": 0.0166992,
      "amountSpent": 68.46222257772669
    },
    {
      "type": "SELL",
      "date": 1724630400000,
      "readableDate": "8/26/2024, 12:00:00 AM",
      "price": 0.02014,
      "quantity": 4015.3254251279377,
      "note": "Stop-loss triggered",
      "amountReceived": 80.82013286963942
    },
    {
      "type": "BUY",
      "date": 1724716800000,
      "readableDate": "8/27/2024, 12:00:00 AM",
      "price": 0.01888,
      "quantity": 4212.7431798381285,
      "stopLoss": 0.018502400000000002,
      "amountSpent": 79.58434184044815
    },
    {
      "type": "SELL",
      "date": 1725062400000,
      "readableDate": "8/31/2024, 12:00:00 AM",
      "price": 0.01897,
      "quantity": 4212.7431798381285,
      "note": "Stop-loss triggered",
      "amountReceived": 79.86778867865638
    },
    {
      "type": "BUY",
      "date": 1725235200000,
      "readableDate": "9/2/2024, 12:00:00 AM",
      "price": 0.01849,
      "quantity": 4315.388876605661,
      "stopLoss": 0.0181202,
      "amountSpent": 79.83944399483556
    },
    {
      "type": "SELL",
      "date": 1725321600000,
      "readableDate": "9/3/2024, 12:00:00 AM",
      "price": 0.01752,
      "quantity": 4315.388876605661,
      "note": "Stop-loss triggered",
      "amountReceived": 75.5602497502603
    },
    {
      "type": "BUY",
      "date": 1725408000000,
      "readableDate": "9/4/2024, 12:00:00 AM",
      "price": 0.01801,
      "quantity": 4216.689409950748,
      "stopLoss": 0.0176498,
      "amountSpent": 75.98816917471781
    },
    {
      "type": "SELL",
      "date": 1725494400000,
      "readableDate": "9/5/2024, 12:00:00 AM",
      "price": 0.01735,
      "quantity": 4216.689409950748,
      "note": "Stop-loss triggered",
      "amountReceived": 73.11566552588789
    },
    {
      "type": "BUY",
      "date": 1725580800000,
      "readableDate": "9/6/2024, 12:00:00 AM",
      "price": 0.01736,
      "quantity": 4225.74159799749,
      "stopLoss": 0.0170128,
      "amountSpent": 73.40291589077088
    },
    {
      "type": "SELL",
      "date": 1725926400000,
      "readableDate": "9/10/2024, 12:00:00 AM",
      "price": 0.01862,
      "quantity": 4225.74159799749,
      "amountReceived": 78.63609856958045
    },
    {
      "type": "BUY",
      "date": 1726099200000,
      "readableDate": "9/12/2024, 12:00:00 AM",
      "price": 0.01824,
      "quantity": 4279.929420697285,
      "stopLoss": 0.017875199999999997,
      "amountSpent": 78.1127803016995
    },
    {
      "type": "SELL",
      "date": 1726272000000,
      "readableDate": "9/14/2024, 12:00:00 AM",
      "price": 0.01823,
      "quantity": 4279.929420697285,
      "amountReceived": 77.97629947130793
    },
    {
      "type": "BUY",
      "date": 1726531200000,
      "readableDate": "9/17/2024, 12:00:00 AM",
      "price": 0.0181,
      "quantity": 4306.251579326766,
      "stopLoss": 0.017738,
      "amountSpent": 77.98994755434708
    },
    {
      "type": "SELL",
      "date": 1726963200000,
      "readableDate": "9/22/2024, 12:00:00 AM",
      "price": 0.02026,
      "quantity": 4306.251579326766,
      "note": "Stop-loss triggered",
      "amountReceived": 87.19231020296198
    },
    {
      "type": "BUY",
      "date": 1727049600000,
      "readableDate": "9/23/2024, 12:00:00 AM",
      "price": 0.02043,
      "quantity": 4220.279524901499,
      "stopLoss": 0.020021399999999998,
      "amountSpent": 86.27207393810049
    },
    {
      "type": "SELL",
      "date": 1727222400000,
      "readableDate": "9/25/2024, 12:00:00 AM",
      "price": 0.02143,
      "quantity": 4220.279524901499,
      "note": "Stop-loss triggered",
      "amountReceived": 90.38632586450795
    },
    {
      "type": "BUY",
      "date": 1727308800000,
      "readableDate": "9/26/2024, 12:00:00 AM",
      "price": 0.02317,
      "quantity": 3880.9199711464858,
      "stopLoss": 0.0227066,
      "amountSpent": 89.9749006718672
    },
    {
      "type": "SELL",
      "date": 1727481600000,
      "readableDate": "9/28/2024, 12:00:00 AM",
      "price": 0.0242,
      "quantity": 3880.9199711464858,
      "amountReceived": 93.8619123437639
    },
    {
      "type": "BUY",
      "date": 1727568000000,
      "readableDate": "9/29/2024, 12:00:00 AM",
      "price": 0.02434,
      "quantity": 3838.0085147850573,
      "stopLoss": 0.0238532,
      "amountSpent": 93.47321117657424
    },
    {
      "type": "SELL",
      "date": 1727654400000,
      "readableDate": "9/30/2024, 12:00:00 AM",
      "price": 0.02247,
      "quantity": 3838.0085147850573,
      "note": "Stop-loss triggered",
      "amountReceived": 86.18830729642391
    },
    {
      "type": "BUY",
      "date": 1727827200000,
      "readableDate": "10/2/2024, 12:00:00 AM",
      "price": 0.01963,
      "quantity": 4425.096668661654,
      "stopLoss": 0.0192374,
      "amountSpent": 86.91679768443895
    },
    {
      "type": "SELL",
      "date": 1727913600000,
      "readableDate": "10/3/2024, 12:00:00 AM",
      "price": 0.0191,
      "quantity": 4425.096668661654,
      "note": "Stop-loss triggered",
      "amountReceived": 84.46863476361472
    },
    {
      "type": "BUY",
      "date": 1728000000000,
      "readableDate": "10/4/2024, 12:00:00 AM",
      "price": 0.0198,
      "quantity": 4275.890049750693,
      "stopLoss": 0.019404,
      "amountSpent": 84.71345105569713
    },
    {
      "type": "SELL",
      "date": 1728086400000,
      "readableDate": "10/5/2024, 12:00:00 AM",
      "price": 0.01951,
      "quantity": 4275.890049750693,
      "amountReceived": 83.37256130171363
    },
    {
      "type": "BUY",
      "date": 1728172800000,
      "readableDate": "10/6/2024, 12:00:00 AM",
      "price": 0.0209,
      "quantity": 3993.1361859782646,
      "stopLoss": 0.020481999999999997,
      "amountSpent": 83.50665027711199
    },
    {
      "type": "SELL",
      "date": 1728345600000,
      "readableDate": "10/8/2024, 12:00:00 AM",
      "price": 0.02048,
      "quantity": 3993.1361859782646,
      "note": "Stop-loss triggered",
      "amountReceived": 81.73036143138155
    },
    {
      "type": "BUY",
      "date": 1728518400000,
      "readableDate": "10/10/2024, 12:00:00 AM",
      "price": 0.01998,
      "quantity": 4097.039315403655,
      "stopLoss": 0.0195804,
      "amountSpent": 81.90799031595459
    },
    {
      "type": "SELL",
      "date": 1728950400000,
      "readableDate": "10/15/2024, 12:00:00 AM",
      "price": 0.02276,
      "quantity": 4097.039315403655,
      "note": "Stop-loss triggered",
      "amountReceived": 93.19266564969602
    },
    {
      "type": "BUY",
      "date": 1729209600000,
      "readableDate": "10/18/2024, 12:00:00 AM",
      "price": 0.02279,
      "quantity": 4037.2514084007053,
      "stopLoss": 0.022334200000000002,
      "amountSpent": 92.06419811632188
    },
    {
      "type": "SELL",
      "date": 1729468800000,
      "readableDate": "10/21/2024, 12:00:00 AM",
      "price": 0.0235,
      "quantity": 4037.2514084007053,
      "note": "Stop-loss triggered",
      "amountReceived": 94.81848285255812
    },
    {
      "type": "BUY",
      "date": 1729555200000,
      "readableDate": "10/22/2024, 12:00:00 AM",
      "price": 0.02421,
      "quantity": 3902.781022152298,
      "stopLoss": 0.0237258,
      "amountSpent": 94.5430543789345
    },
    {
      "type": "SELL",
      "date": 1729641600000,
      "readableDate": "10/23/2024, 12:00:00 AM",
      "price": 0.02244,
      "quantity": 3902.781022152298,
      "note": "Stop-loss triggered",
      "amountReceived": 87.52585909341532
    },
    {
      "type": "BUY",
      "date": 1729728000000,
      "readableDate": "10/24/2024, 12:00:00 AM",
      "price": 0.0231,
      "quantity": 3817.084072501908,
      "stopLoss": 0.022638,
      "amountSpent": 88.22757862196724
    },
    {
      "type": "SELL",
      "date": 1729814400000,
      "readableDate": "10/25/2024, 12:00:00 AM",
      "price": 0.02029,
      "quantity": 3817.084072501908,
      "note": "Stop-loss triggered",
      "amountReceived": 77.40216664956507
    },
    {
      "type": "BUY",
      "date": 1729900800000,
      "readableDate": "10/26/2024, 12:00:00 AM",
      "price": 0.02034,
      "quantity": 3856.3233540854085,
      "stopLoss": 0.0199332,
      "amountSpent": 78.48470784680529
    },
    {
      "type": "SELL",
      "date": 1730073600000,
      "readableDate": "10/28/2024, 12:00:00 AM",
      "price": 0.02036,
      "quantity": 3856.3233540854085,
      "amountReceived": 78.4676346430854
    },
    {
      "type": "BUY",
      "date": 1730160000000,
      "readableDate": "10/29/2024, 12:00:00 AM",
      "price": 0.02129,
      "quantity": 3683.5256157012363,
      "stopLoss": 0.0208642,
      "amountSpent": 78.4693419634574
    },
    {
      "type": "SELL",
      "date": 1730246400000,
      "readableDate": "10/30/2024, 12:00:00 AM",
      "price": 0.02066,
      "quantity": 3683.5256157012363,
      "note": "Stop-loss triggered",
      "amountReceived": 76.05597823685532
    },
    {
      "type": "BUY",
      "date": 1730764800000,
      "readableDate": "11/5/2024, 12:00:00 AM",
      "price": 0.01891,
      "quantity": 4032.33930305393,
      "stopLoss": 0.0185318,
      "amountSpent": 76.29731460951552
    },
    {
      "type": "SELL",
      "date": 1731456000000,
      "readableDate": "11/13/2024, 12:00:00 AM",
      "price": 0.02683,
      "quantity": 4032.33930305393,
      "note": "Stop-loss triggered",
      "amountReceived": 108.12275090283637
    },
    {
      "type": "BUY",
      "date": 1731628800000,
      "readableDate": "11/15/2024, 12:00:00 AM",
      "price": 0.02636,
      "quantity": 3978.6511058095666,
      "stopLoss": 0.0258328,
      "amountSpent": 104.94020727350429
    },
    {
      "type": "SELL",
      "date": 1731801600000,
      "readableDate": "11/17/2024, 12:00:00 AM",
      "price": 0.02827,
      "quantity": 3978.6511058095666,
      "note": "Stop-loss triggered",
      "amountReceived": 112.40898088117972
    },
    {
      "type": "BUY",
      "date": 1731888000000,
      "readableDate": "11/18/2024, 12:00:00 AM",
      "price": 0.03149,
      "quantity": 3543.8268103620176,
      "stopLoss": 0.030860199999999997,
      "amountSpent": 111.66210352041217
    },
    {
      "type": "SELL",
      "date": 1731974400000,
      "readableDate": "11/19/2024, 12:00:00 AM",
      "price": 0.0294,
      "quantity": 3543.8268103620176,
      "note": "Stop-loss triggered",
      "amountReceived": 104.12599511970853
    },
    {
      "type": "BUY",
      "date": 1732147200000,
      "readableDate": "11/21/2024, 12:00:00 AM",
      "price": 0.02894,
      "quantity": 3621.861720670457,
      "stopLoss": 0.0283612,
      "amountSpent": 104.8796059597789
    },
    {
      "type": "SELL",
      "date": 1732492800000,
      "readableDate": "11/25/2024, 12:00:00 AM",
      "price": 0.03667,
      "quantity": 3621.861720670457,
      "note": "Stop-loss triggered",
      "amountReceived": 132.73398109540747
    },
    {
      "type": "BUY",
      "date": 1732579200000,
      "readableDate": "11/26/2024, 12:00:00 AM",
      "price": 0.03647,
      "quantity": 3561.0247999916514,
      "stopLoss": 0.035740600000000004,
      "amountSpent": 129.94854358184463
    },
    {
      "type": "SELL",
      "date": 1733011200000,
      "readableDate": "12/1/2024, 12:00:00 AM",
      "price": 0.04411,
      "quantity": 3561.0247999916514,
      "amountReceived": 156.98255784527515
    },
    {
      "type": "BUY",
      "date": 1733097600000,
      "readableDate": "12/2/2024, 12:00:00 AM",
      "price": 0.04662,
      "quantity": 3307.3056397486207,
      "stopLoss": 0.0456876,
      "amountSpent": 154.27915641893208
    },
    {
      "type": "SELL",
      "date": 1733702400000,
      "readableDate": "12/9/2024, 12:00:00 AM",
      "price": 0.04774,
      "quantity": 3307.3056397486207,
      "note": "Stop-loss triggered",
      "amountReceived": 157.7960367788542
    },
    {
      "type": "BUY",
      "date": 1733788800000,
      "readableDate": "12/10/2024, 12:00:00 AM",
      "price": 0.0456,
      "quantity": 3450.655309947725,
      "stopLoss": 0.044688,
      "amountSpent": 157.444348742862
    },
    {
      "type": "SELL",
      "date": 1734134400000,
      "readableDate": "12/14/2024, 12:00:00 AM",
      "price": 0.04934,
      "quantity": 3450.655309947725,
      "note": "Stop-loss triggered",
      "amountReceived": 170.1531797930251
    },
    {
      "type": "BUY",
      "date": 1734220800000,
      "readableDate": "12/15/2024, 12:00:00 AM",
      "price": 0.05092,
      "quantity": 3314.630151413904,
      "stopLoss": 0.0499016,
      "amountSpent": 168.88229668800878
    },
    {
      "type": "SELL",
      "date": 1734307200000,
      "readableDate": "12/16/2024, 12:00:00 AM",
      "price": 0.04807,
      "quantity": 3314.630151413904,
      "note": "Stop-loss triggered",
      "amountReceived": 159.2386708156393
    },
    {
      "type": "BUY",
      "date": 1734652800000,
      "readableDate": "12/20/2024, 12:00:00 AM",
      "price": 0.03741,
      "quantity": 4279.789136135646,
      "stopLoss": 0.0366618,
      "amountSpent": 160.20303340287623
    },
    {
      "type": "SELL",
      "date": 1734739200000,
      "readableDate": "12/21/2024, 12:00:00 AM",
      "price": 0.03505,
      "quantity": 4279.789136135646,
      "note": "Stop-loss triggered",
      "amountReceived": 149.91660525602146
    },
    {
      "type": "BUY",
      "date": 1734825600000,
      "readableDate": "12/22/2024, 12:00:00 AM",
      "price": 0.03485,
      "quantity": 4328.68524883399,
      "stopLoss": 0.034152999999999996,
      "amountSpent": 150.94524807070695
    },
    {
      "type": "SELL",
      "date": 1735084800000,
      "readableDate": "12/25/2024, 12:00:00 AM",
      "price": 0.03848,
      "quantity": 4328.68524883399,
      "note": "Stop-loss triggered",
      "amountReceived": 166.46786769010686
    },
    {
      "type": "BUY",
      "date": 1735257600000,
      "readableDate": "12/27/2024, 12:00:00 AM",
      "price": 0.0349,
      "quantity": 4722.540296983667,
      "stopLoss": 0.034202,
      "amountSpent": 164.91560572816687
    },
    {
      "type": "SELL",
      "date": 1735430400000,
      "readableDate": "12/29/2024, 12:00:00 AM",
      "price": 0.03472,
      "quantity": 4722.540296983667,
      "note": "Stop-loss triggered",
      "amountReceived": 163.86821915180616
    },
    {
      "type": "BUY",
      "date": 1735516800000,
      "readableDate": "12/30/2024, 12:00:00 AM",
      "price": 0.03449,
      "quantity": 4751.364860387259,
      "stopLoss": 0.0338002,
      "amountSpent": 163.97295780944222
    },
    {
      "type": "SELL",
      "date": 1735516800000,
      "readableDate": "12/30/2024, 12:00:00 AM",
      "price": 0.03449,
      "quantity": 4751.364860387259,
      "note": "Final exit",
      "amountReceived": 163.7762492903357
    }
  ],
  "finalCapital": 181.99546682471816,
  "totalReturns": "82.00",
  "maxDrawdown": "3.01",
  "totalFees": "11.90",
  "timestamp": "2025-04-03T15:44:51.247Z",
  "readableTime": "4/3/2025, 3:44:51 PM"
}